%
% references.bib -- Bibliography file for the paper zeta
%
% (c) 2020 Autor, Hochschule Rapperswil
%

@online{zeta:online:millennium,
	title = {The Millennium Prize Problems},
	url = {https://www.claymath.org/millennium-problems/millennium-prize-problems},
	year = {2022},
	month = {8},
	day = {4}
}

@online{zeta:online:wiki_en,
	title = {Riemann zeta function},
	url = {https://en.wikipedia.org/wiki/Riemann_zeta_function},
	year = {2022},
	month = {8},
	day = {7}
}
@online{zeta:online:wiki_de,
	title = {Riemannsche Zeta-Funktion},
	url = {https://de.wikipedia.org/wiki/Riemannsche_Zeta-Funktion},
	year = {2022},
	month = {8},
	day = {7}
}

@online{zeta:online:poisson,
    title = {Deriving the Poisson Summation Formula},
    url = {https://www.youtube.com/watch?v=4Bex-4BFYWo},
    author = {Physics and Math Lectures},
	year = {2022},
	month = {8},
	day = {7}
}

@online{zeta:online:mryoumath,
    title = {Riemann Zeta Function Playlist},
    url = {https://www.youtube.com/playlist?list=PL32446FDD4DA932C9},
    author = {MrYouMath},
	year = {2022},
	month = {8},
	day = {7}
}
