%
% references.bib -- Bibliography file for the paper kreismembran
%
% (c) 2020 Autor, Hochschule Rapperswil
%

@online{kreismembran:Duden:Membrane,
	title = {Duden:Membrane},
	url = {https://www.duden.de/rechtschreibung/Membrane},
	date = {2022-07-20},
	year = {2022},
	month = {7},
	day = {20}
}

@online{kreismembran:wellengleichung_herleitung,
	title = {Derivation of the 2D Wave Equation},
	author = {Dr. Christopher Lum},	
	url = {https://www.youtube.com/watch?v=KAS7JBztw8E&t=0s},
	date = {2022-07-20},
	year = {2022},
	month = {7},
	day = {20}
}

@online{kreismembran:bibtex,
	title = {BibTeX},
	url = {https://de.wikipedia.org/wiki/BibTeX},
	date = {2020-02-06},
	year = {2020},
	month = {2},
	day = {6}
}

@book{kreismembran:numerical-analysis,
	title = {Numerical Analysis},
	author = {David Kincaid and Ward Cheney},
	publisher = {American Mathematical Society},
	year = {2002},
	isbn = {978-8-8218-4788-6},
	inseries = {Pure and applied undegraduate texts},
	volume = {2}
}

@article{kreismembran:mendezmueller,
        author = { Tabea Méndez and Andreas Müller },
        title = { Noncommutative harmonic analysis and image registration },
        journal = { Appl. Comput. Harmon. Anal.},
        year = 2019,
        volume = 47,
        pages = {607--627},
        url = {https://doi.org/10.1016/j.acha.2017.11.004}
}

@book{lokenath_debnath_integral_2015,
	edition = {Third Edition},
	title = {Integral Tansforms and Their Applications},
	publisher = {{CRC} Press},
	author = {{Lokenath Debnath} and Dambaru Bhatta},
	date = {2015},
}

@thesis{nishanth_p_vibrations_2018,
	title = {Vibrations of a Circular Membrane - Some Undergraduadte Exercises},
	type = {phdthesis},
	author = {{Nishanth P.} and {Udayanandan K. M.}},
	date = {2018},
}

@thesis{prof_dr_horst_knorrer_kreisformige_2013,
	title = {Kreisförmige Membranen},
	institution = {{ETHZ}},
	type = {phdthesis},
	author = {{Prof. Dr. Horst Knörrer}},
	date = {2013},
}