%
% references.bib -- Bibliography file for the paper laguerre
%
% (c) 2020 Autor, Hochschule Rapperswil
%

@book{abramowitz+stegun,
  added-at = {2008-06-25T06:25:58.000+0200},
  address = {New York},
  author = {Abramowitz, Milton and Stegun, Irene A.},
  biburl = {https://www.bibsonomy.org/bibtex/223ec744709b3a776a1af0a3fd65cd09f/a_olympia},
  description = {BibTeX - Wikipedia, the free encyclopedia},
  edition = {ninth Dover printing, tenth GPO printing},
  interhash = {d4914a420f489f7c5129ed01ec3cf80c},
  intrahash = {23ec744709b3a776a1af0a3fd65cd09f},
  keywords = {Handbook},
  publisher = {Dover},
  pages          = {890},
  timestamp = {2008-06-25T06:25:58.000+0200},
  title = {Handbook of Mathematical Functions with Formulas, Graphs, and Mathematical Tables},
  year = 1972
}