%
% references.bib -- Bibliography file for the paper 0f1
%
% (c) 2020 Autor, Hochschule Rapperswil
%

@online{0f1:library-gsl,
	title = {GNU Scientific Library},
	url ={https://www.gnu.org/software/gsl/},
	date = {2022-07-07},
	year = {2022},
	month = {7},
	day = {7}
}

@online{0f1:wiki-airyFunktion,
	title = {Airy-Funktion},
	url ={https://de.wikipedia.org/wiki/Airy-Funktion},
	date = {2022-07-07},
	year = {2022},
	month = {7},
	day = {7}
}

@online{0f1:wiki-kettenbruch,
	title = {Kettenbruch},
	url ={https://de.wikipedia.org/wiki/Kettenbruch},
	date = {2022-07-07},
	year = {2022},
	month = {7},
	day = {25}
}

@online{0f1:double,
	title = {C - Data Types},
	url ={https://www.tutorialspoint.com/cprogramming/c_data_types.htm},
	date = {2022-07-07},
	year = {2022},
	month = {7},
	day = {7}
}

@online{0f1:wolfram-0f1,
	title = {Hypergeometric 0F1},
	url ={https://functions.wolfram.com/webMathematica/FunctionEvaluation.jsp?name=Hypergeometric0F1},
	date = {2022-07-07},
	year = {2022},
	month = {7},
	day = {7}
}

@online{0f1:wiki-fraction,
	title = {Gauss continued fraction},
	url ={https://en.wikipedia.org/wiki/Gauss%27s_continued_fraction},
	date = {2022-07-07},
	year = {2022},
	month = {7},
	day = {7}
}

@online{0f1:code,
	title = {Vollständiger C-Code},
	url ={https://github.com/AndreasFMueller/SeminarSpezielleFunktionen/tree/master/buch/papers/0f1/listings},
	date = {2022-07-07},
	year = {2022},
	month = {7},
	day = {7}
}

@book{0f1:SeminarNumerik,
	title = {Mathematisches Seminar Numerik},
	author = {Andreas Müller, Benjamin Bouhafs-Keller, Daniel Bucher, Manuel Cattaneo
Patrick Elsener, Reto Fritsche, Niccolò Galliani, Tobias Grab
Thomas Kistler, Fabio Marti, Joël Rechsteiner, Cédric Renda
Michael Schmid, Mike Schmid, Michael Schneeberger
Martin Stypinski, Manuel Tischhauser, Nicolas Tobler
Raphael Unterer, Severin Weiss},
	publisher = {Andreas Müller},
	year = {2022},
}

@article{0f1:kettenbrueche,
        author = { Benjamin Bouhafs-Keller },
        title = { Kettenbrüche },
        journal = { Mathematisches Seminar Numerik },
        year = 2020,
        volume = 13,
        pages = {363--376},
        url = {https://github.com/AndreasFMueller/SeminarNumerik}
}