%
% references.bib -- Bibliography file for the paper ellfilter
%
% (c) 2020 Autor, Hochschule Rapperswil
%

@online{ellfilter:bib:orfanidis,
        author = { Sophocles J. Orfanidis},
        title = { LECTURE NOTES ON ELLIPTIC FILTER DESIGN },
        year = 2006,
        url = {https://www.ece.rutgers.edu/~orfanidi/ece521/notes.pdf}
}

