%
% references.bib -- Bibliography file for the paper kra
%
% (c) 2020 Autor, Hochschule Rapperswil
%

@misc{kra:riccati,
title = {Riccatische Differentialgleichung},
url = {https://de.wikipedia.org/wiki/Riccatische_Differentialgleichung},
date   = {2022-05-26}
}

@misc{kra:ethz,
author = {Ch. Roduner},
title = {Die-Riccati-Gleichung},
url = {https://www.imrtweb.ethz.ch/users/geering/Riccati.pdf},
date   = {2022-05-26}
}

@online{kra:hamilton,
  title = {Hamilton-Funktion},
  url   = {https://de.wikipedia.org/wiki/Hamilton-Funktion},
  date  = {2022-05-26}
}

@misc{kra:kanonischegleichungen,
  title = {Kanonische Gleichungen},
  url   = {https://de.wikipedia.org/wiki/Kanonische_Gleichungen},
  date  = {2022-05-26}
}

@misc{kra:newton,
  title = {Newtonsche Gesetze},
  url   = {https://de.wikipedia.org/wiki/Newtonsche_Gesetze},
  date  = {2022-05-26}
}

@misc{kra:kalmanisae,
  author = {D.Alazard},
  title  = {Introduction to Kalman filtering},
  url    = {https://pagespro.isae-supaero.fr/IMG/pdf/introKalman_e_151211.pdf},
  date   = {2022-05-26}
}


