%
% references.bib -- Bibliography file for the paper parzyl
%
% (c) 2020 Autor, Hochschule Rapperswil
%

@online{parzyl:bibtex,
	title = {BibTeX},
	url = {https://de.wikipedia.org/wiki/BibTeX},
	date = {2020-02-06},
	year = {2020},
	month = {2},
	day = {6}
}

@book{parzyl:numerical-analysis,
	title = {Numerical Analysis},
	author = {David Kincaid and Ward Cheney},
	publisher = {American Mathematical Society},
	year = {2002},
	isbn = {978-8-8218-4788-6},
	inseries = {Pure and applied undegraduate texts},
	volume = {2}
}

@article{parzyl:mendezmueller,
        author = { Tabea Méndez and Andreas Müller },
        title = { Noncommutative harmonic analysis and image registration },
        journal = { Appl. Comput. Harmon. Anal.},
        year = 2019,
        volume = 47,
        pages = {607--627},
        url = {https://doi.org/10.1016/j.acha.2017.11.004}
}

@book{parzyl:whittaker, 
		place={Cambridge}, 
		edition={4}, 
		series={Cambridge Mathematical Library}, 
		title={A Course of Modern Analysis}, 
		DOI={10.1017/CBO9780511608759}, 
		publisher={Cambridge University Press}, 
		author={Whittaker, E. T. and Watson, G. N.}, 
		year={1996}, 
		collection={Cambridge Mathematical Library}}

@book{parzyl:abramowitz-stegun,
  added-at = {2008-06-25T06:25:58.000+0200},
  address = {New York},
  author = {Abramowitz, Milton and Stegun, Irene A.},
  edition = {ninth Dover printing, tenth GPO printing},
  interhash = {d4914a420f489f7c5129ed01ec3cf80c},
  intrahash = {23ec744709b3a776a1af0a3fd65cd09f},
  keywords = {Handbook},
  publisher = {Dover},
  timestamp = {2008-06-25T06:25:58.000+0200},
  title = {Handbook of Mathematical Functions with Formulas, Graphs, and Mathematical Tables},
  year = 1972
}

@online{parzyl:coordinates,
	title = {Parabolic cylindrical coordinates},
	url = {https://en.wikipedia.org/wiki/Parabolic_cylindrical_coordinates},
	date = {2022-08-17},
	year = {2022},
	month = {8},
	day = {17}
}

@online{parzyl:scalefac,
	title = {An introduction to curvlinear orthogonal coordinates},
	url = {http://dslavsk.sites.luc.edu/courses/phys301/classnotes/scalefactorscomplete.pdf},
	date = {2022-08-18},
	year = {2022},
	month = {08},
	day = {18}
}