%
% references.bib
%
% (c) 2020 Prof Dr Andreas Müller, Hochschule Rapperswil
%

@book{buch:mathsem-wavelets,
	title = {Mathematisches Seminar Wavelets},
	author = { Andreas M"uller and others },
	year = {2019},
}

@book{buch:mathsem-dgl,
	title = {Mathematisches Seminar Differentialgleichungen},
	author = { Andreas M"uller and others },
	year = {2016},
}

@online{buch:fftw,
	title = {Fastest Fourier Transform in the West},
	url = {http://www.fftw.org/},
        DAY = {23},
        MONTH = {july},
        YEAR = 2018
}

@online{buch:repo,
	subtitle = {Source Code Repository},
	author = {Andreas Müller},
	url = {https://github.com/AndreasFMueller/SeminarSpezielleFunktionen.git},
	DAY = 6,
	MONTH = {february},
	YEAR = 2022
}

@book{buch:henrici,
	author = {Peter Henrici},
	title = {Essentials of numerical analysis},
	subtitle = {With pocket calculator demonstrations},
	year = 1982,
	publisher = {John Wiley and Sons, Inc.},
	isbn = {0-471-05904-8}
}

@online{buch:tartaglia,
        title = {Niccolò Tartaglia},
        url = {https://de.wikipedia.org/wiki/Niccolò_Tartaglia},
        date = {2020-02-06},
        year = {2020},
        month = {2},
        day = {6}
}

@online{buch:kahan-summation,
	title = {Kahan summation algorithm},
	url = {https://en.wikipedia.org/wiki/Kahan_summation_algorithm},
	date = {2020-02-29},
	year = {2020},
	month = {2},
	day = {29}
}

@book{buch:watkins,
	title = {Fundamentals of Matrix Computations},
	author = {David S. Watkins},
	year = 2010,
	publisher = {John Wiley and Sons, Inc.},
	edition = {3}
}

@online{buch:lissajous,
	title = {Makeing Shapes with PSLab Oscilloscope},
	author = {CloudyPadmal},
	url = {https://blog.fossasia.org/making-shapes-with-pslab-oscilloscope/},
	DAY = 7,
	month = 3,
	year = 2020
}
@book{buch:richardson,
	title = {The emergence of numerical weather prediction: Richardson's dream},
	author = {Peter Lynch},
	year = 2006,
	publisher = {Cambridge University Press},
	isbn = {978-0-52-185729-1}
}

@book{buch:dieudonne,
	title={Foundations of Modern Analysis},
	author={Jean Dieudonn{\'e}},
	number={Vol. 1},
	lccn={60008049},
	series={Dieudonn{\'e}, Jean: Treatise on analysis},
	year={1960},
	publisher={Academic Press}
}

@book{buch:ebbinghaus,
	title = {Zahlen},
	year = 1983,
	inseries = {Grundwissen Mathematik},
	volume = 1,
	publisher = {Springer-Verlag},
	author = { Hans-Dieter Ebbinghaus et al },
	isbn = { 3-540-12666-X }
}

@online{buch:primitivepolynomiallist,
	title = {Primitive Polynomial List},
	url = {https://www.partow.net/programming/polynomials/index.html},
	day = 8,
	month = 3,
	year = 2021
}

@book{skript:landaulifschitz1,
        author = {Landau, L. D. and Lifschitz, E. M.},
        title = {Mechanik},
        series = {Lehrbuch der theoretischen Physik},
        volume = {1},
        publisher = {Akademie-Verlag},
        year = {1981},
        language = {german},
}

@online{buch:library:gsl,
	title = {GNU scientific library},
	version = {2.7},
	year = 2021,
	month = 6,
	day = 1
}

@book{buch:pade,
	author = { George A. Baker Jr and Peter Graves-Morris },
	title = { Padé-Approximants },
	series = { Encyclopedia of Mathematics and its applications },
	volume = { 59 },
	publisher = { Cambridge University Press },
	ISBN = { 978-0-521-12509-2 },
	year = 1982
}



