%
% references.bib -- Bibliography file for the paper dreieck
%
% (c) 2020 Autor, Hochschule Rapperswil
%

@article{dreieck:polint,
	author = { George Stoica },
	title = { Polynomials and Integration in Finite Terms },
	journal = { Amer. Math. Monthly },
	volume = 129,
	year = 2022,
	number = 1,
	pages = {80--81}
}
