%
% references.bib -- Bibliography file for the paper transfer
%
% (c) 2020 Autor, Hochschule Rapperswil
%



@article{transfer:DBLP:journals/corr/abs-1909-07729,
  author    = {Abhisek Kundu and
               Sudarshan Srinivasan and
               Eric C. Qin and
               Dhiraj D. Kalamkar and
               Naveen K. Mellempudi and
               Dipankar Das and
               Kunal Banerjee and
               Bharat Kaul and
               Pradeep Dubey},
  title     = {K-TanH: Hardware Efficient Activations For Deep Learning},
  journal   = {CoRR},
  volume    = {abs/1909.07729},
  year      = {2019},
  url       = {http://arxiv.org/abs/1909.07729},
  eprinttype = {arXiv},
  eprint    = {1909.07729},
  timestamp = {Sat, 04 Apr 2020 17:18:32 +0200},
  biburl    = {https://dblp.org/rec/journals/corr/abs-1909-07729.bib},
  bibsource = {dblp computer science bibliography, https://dblp.org}
}

@online{transfer:bibtex,
	title = {BibTeX},
	url = {https://de.wikipedia.org/wiki/BibTeX},
	date = {2020-02-06},
	year = {2020},
	month = {2},
	day = {6}
}

@book{transfer:numerical-analysis,
	title = {Numerical Analysis},
	author = {David Kincaid and Ward Cheney},
	publisher = {American Mathematical Society},
	year = {2002},
	isbn = {978-8-8218-4788-6},
	inseries = {Pure and applied undegraduate texts},
	volume = {2}
}

@article{transfer:mendezmueller,
        author = { Tabea Méndez and Andreas Müller },
        title = { Noncommutative harmonic analysis and image registration },
        journal = { Appl. Comput. Harmon. Anal.},
        year = 2019,
        volume = 47,
        pages = {607--627},
        url = {https://doi.org/10.1016/j.acha.2017.11.004}
}